@article{turing1936computable,
  title   = {On computable numbers, with an application to the Entscheidungsproblem},
  author  = {Turing, Alan Mathison and others},
  journal = {J. of Math},
  volume  = {58},
  number  = {345-363},
  pages   = {5},
  year    = {1936}
}
@misc{moore1965cramming,
  title     = {Cramming more components onto integrated circuits},
  author    = {Moore, Gordon E and others},
  year      = {1965},
  publisher = {McGraw-Hill New York}
}
@misc{moorelawdead,
  title        = {"Moore's Law's dead," Nvidia CEO Jensen Huang says in justifying gaming-card price hike},
  author       = {Witkowski, Wallace},
  organization = {MarketWatch},
  month        = 9,
  year         = 2022
}
@article{kumar2015fundamental,
  title   = {Fundamental limits to Moore's law},
  author  = {Kumar, Suhas},
  journal = {arXiv preprint arXiv:1511.05956},
  year    = {2015}
}
@article{benioff1980computer,
  title     = {The computer as a physical system: A microscopic quantum mechanical Hamiltonian model of computers as represented by Turing machines},
  author    = {Benioff, Paul},
  journal   = {Journal of statistical physics},
  volume    = {22},
  number    = {5},
  pages     = {563--591},
  year      = {1980},
  publisher = {Springer}
}
@article{feynman1981simulating,
  title   = {Simulating physics with computers, 1981},
  author  = {Feynman, Richard P},
  journal = {International Journal of Theoretical Physics},
  volume  = {21},
  number  = {6/7},
  year    = {1981}
}
@article{feynman1986quantum,
  title   = {Quantum mechanical computers.},
  author  = {Feynman, Richard P},
  journal = {Found. Phys.},
  volume  = {16},
  number  = {6},
  pages   = {507--532},
  year    = {1986}
}
@article{deutsch1985quantum,
  title     = {Quantum theory, the Church--Turing principle and the universal quantum computer},
  author    = {Deutsch, David},
  journal   = {Proceedings of the Royal Society of London. A. Mathematical and Physical Sciences},
  volume    = {400},
  number    = {1818},
  pages     = {97--117},
  year      = {1985},
  publisher = {The Royal Society London}
}
@inproceedings{shor1994algorithms,
  title        = {Algorithms for quantum computation: discrete logarithms and factoring},
  author       = {Shor, Peter W},
  booktitle    = {Proceedings 35th annual symposium on foundations of computer science},
  pages        = {124--134},
  year         = {1994},
  organization = {Ieee}
}
@article{mermin2006breaking,
  title   = {Breaking rsa encryption with a quantum computer: Shor’s factoring algorithm},
  author  = {Mermin, David},
  journal = {Lecture notes on Quantum computation},
  pages   = {481--681},
  year    = {2006}
}
@inproceedings{grover1996fast,
  title     = {A fast quantum mechanical algorithm for database search},
  author    = {Grover, Lov K},
  booktitle = {Proceedings of the twenty-eighth annual ACM symposium on Theory of computing},
  pages     = {212--219},
  year      = {1996}
}
@misc{nielsen2002quantum,
  title     = {Quantum computation and quantum information},
  author    = {Nielsen, Michael A and Chuang, Isaac},
  year      = {2002},
  publisher = {American Association of Physics Teachers}
}
@book{von2018mathematical,
  title     = {Mathematical foundations of quantum mechanics: New edition},
  author    = {Von Neumann, John},
  year      = {2018},
  publisher = {Princeton university press}
}
@article{cooley1965algorithm,
  title     = {An algorithm for the machine calculation of complex Fourier series},
  author    = {Cooley, James W and Tukey, John W},
  journal   = {Mathematics of computation},
  volume    = {19},
  number    = {90},
  pages     = {297--301},
  year      = {1965},
  publisher = {JSTOR}
}
@article{charemza2006examples,
  title   = {Examples of Quantum Circuit Diagrams},
  author  = {Charemza, Michal},
  journal = {Warwick University, Apr},
  year    = {2006}
}
@misc{Qiskit,
  title = {Qiskit: An Open-source Framework for Quantum Computing},
  year  = {2021},
  doi   = {10.5281/zenodo.2573505}
}
@article{divincenzo2000physical,
  title     = {The physical implementation of quantum computation},
  author    = {DiVincenzo, David P},
  journal   = {Fortschritte der Physik: Progress of Physics},
  volume    = {48},
  number    = {9-11},
  pages     = {771--783},
  year      = {2000},
  publisher = {Wiley Online Library}
}
@article{孙晓明2016量子计算若干前沿问题综述,
  title   = {量子计算若干前沿问题综述},
  author  = {孙晓明},
  journal = {中国科学: 信息科学},
  volume  = {46},
  number  = {8},
  pages   = {982--1002},
  year    = {2016}
}
@techreport{key,
  author = {马超},
  title  = {20 行 Python 代码说清量子霸权},
  year   = {2019}
}